@article{stacks,
    shorthand    = {Stacks},
    author       = {The {Stacks Project Authors}},
    title        = {\textit{Stacks Project}},
    howpublished = {\url{https://stacks.math.columbia.edu}},
    year         = {2024},
  }

@online{conradbrinon,
    author = "Brian Conrad and Oliver Brinon",
    title = "CMI Summer School Notes on $p$-adic Hodge Theory (Preliminary version)",
    url  = "http://math.stanford.edu/~conrad/papers/notes.pdf",
    year = {2009},
    keywords = "conrad, hodge theory"
}

@book{eisenbud_schemes,
    title = {The geometry of schemes},
    author = {David Eisenbud},
    isbn = {978-0-387-94269-8},
    series = {Graduate Texts in Mathematics},
    year = {1995},
    publisher = {Springer-Verlag New York},
    keywords = "commutative algebra"
}

@book{eisenbud_algebra,
    title = {Commutative Algebra (with a View Toward Algebraic Geometry)},
    author = {David Eisenbud and Joe Harris},
    isbn = {978-0-387-98637-1},
    series = {Graduate Texts in Mathematics},
    year = {2000},
    publisher = {Springer-Verlag New York},
    keywords = "geometry of schemes"
}

@online{GR1,
    author = "Dennis Gaitsgory and Nick Rozenblyum",
    title = "A study in derived algebraic geometry (Volume I: Deformations, Lie theory and formal geometry)",
    url  = "http://people.math.harvard.edu/~gaitsgde/GL/Vol2.pdf",
    year = {2017},
    keywords = "gaitsgory, rozenblyum, derived geometry"
}

@online{GR2,
    author = "Dennis Gaitsgory and Nick Rozenblyum",
    title = "A study in derived algebraic geometry (Volume II: Correspondences and duality)",
    url  = "http://people.math.harvard.edu/~gaitsgde/GL/Vol1.pdf",
    year = {2017},
    keywords = "gaitsgory, rozenblyum, derived geometry"
}

@online{HA,
    author = "Jacob Lurie",
    title = "Higher Algebra",
    url  = "http://people.math.harvard.edu/~lurie/papers/HA.pdf",
    year = {2017},
    keywords = "lurie, higher algebra"
}

@book{HTT,
    title = {Higher Topos Theory (AM-170)},
    isbn = {9780691140490},
    url = {http://www.jstor.org/stable/j.ctt7s47v},
    author = {Jacob Lurie},
    publisher = {Princeton University Press},
    year = {2009}
}

@book{maclane,
    AUTHOR = {MacLane, Saunders},
    TITLE = {Categories for the working mathematician},
    SERIES = {Graduate Texts in Mathematics},
    VOLUME = {5},
    EDITION = {Second},
    PUBLISHER = {Springer-Verlag, New York},
    YEAR = {1998},
    PAGES = {xii+314},
    ISBN = {0-387-98403-8},
    MRCLASS = {18-02},
    MRNUMBER = {1712872},
    DOI = {978-1-4757-4721-8},
    URL = {https://doi.org/10.1007/978-1-4757-4721-8}
}

@book{redbook,
    title = {The Red Book of Varieties and Schemes (Includes the Michigan Lectures (1974) on Curves and their Jacobians)},
    author = {David Mumford},
    isbn = {978-3-540-63293-1},
    series = {Lecture Notes in Mathematics},
    year = {1999},
    publisher = {Springer-Verlag Berlin Heidelberg},
    keywords = "mumford, red book"
}

@online{risingsea,
    author = "Ravi Vakil",
    title = "The Rising Sea: Foundations of Algebraic Geometry",
    url  = "http://math.stanford.edu/~vakil/216blog/FOAGnov1817public",
    year = {2017},
    keywords = "vakil, rising sea"
}

@book{silverman_elliptic_curves,
    title = {The Arithmetic of Elliptic Curves (Second Edition)},
    author = {Joseph H. Silverman},
    isbn = {978-0-387-09493-9},
    series = {Graduate Texts in Mathematics},
    year = {2009},
    publisher = {Springer-Verlag New York},
    keywords = "arithmetic of elliptic curves"
}

@article{TV2,
    title={Homotopical Algebraic Geometry II: geometric stacks and applications},
    author={Bertrand Toen and Gabriele Vezzosi},
    year={2004},
    eprint={math/0404373},
    archivePrefix={arXiv},
    primaryClass={math.AG}
}

@book{koblitz_p_adic,
    title = {$p$-adic Numbers, $p$-adic Analysis, and Zeta-Functions (Second Edition)},
    author = {Neal Koblitz},
    isbn = {978-1-4612-7014-0},
    series = {Graduate Texts in Mathematics},
    year = {1984},
    publisher = {Springer-Verlag New York},
    keywords = "koblitz, p-adic analysis, p-adic numbers"
}

@article{christian_511_project,
    title={A \textit{very} gentle introduction to arithmetic geometry},
    author={Christian Bagshaw},
    year={2019},
    eprint={},
    archivePrefix={},
    primaryClass={},
    note = "Available upon request through {\tt christian.bagshaw@ucalgary.ca} (Email address to be updated)"
}

@book{ega1,
     author = {Grothendieck, Alexander},
     title = {\'El\'ements de g\'eom\'etrie alg\'ebrique : I. Le langage des sch\'emas},
     journal = {Publications Math\'ematiques de l'IH\'ES},
     pages = {5--228},
     publisher = {Institut des Hautes \'Etudes Scientifiques},
     volume = {4},
     year = {1960},
     zbl = {0118.36206},
     language = {fr},
     url = {www.numdam.org/item/PMIHES_1960__4__5_0/},
     keywords = "ega1, ega, grothendieck, algebraic geometry"
}

@book{hartshorne,
    AUTHOR = {Hartshorne, Robin},
     TITLE = {Algebraic geometry},
    SERIES = {Graduate Texts in Mathematics, No. 52},
 PUBLISHER = {Springer-Verlag, New York-Heidelberg},
      YEAR = {1977},
     PAGES = {xvi+496},
      ISBN = {0-387-90244-9},
   MRCLASS = {14-01},
  MRNUMBER = {463157},
MRREVIEWER = {Robert Speiser},
}

@book{sga4,
    title = {Theorie des Topos et Cohomologie Etale des Schemas. Seminaire de Geometrie Algebrique du Bois-Marie 1963-1964 (SGA 4) - Tome 1 \`a 3; avec la participation de N. Bourbaki, P. Deligne, B. Saint-Donat},
    author = {Michael Artin and Alexandre Grothendieck and Jean-Louis Verdier},
    series = {Lecture Notes in Mathematics},
    year = {1972},
    publisher = {Springer-Verlag Berlin Heidelberg},
    keywords = "sga, sga4, algebraic geometry, topos theory, etale cohomology",
    url = {http://www.normalesup.org/~forgogozo/SGA4/tomes/SGA4.pdf}
}

@book{sga5,
    title={S{\'e}minaire de G{\'e}om{\'e}trie Alg{\'e}brique du Bois-Marie 1965-66: SGA 5. : Cohomologie l-adique et Fonctions L},
    author={Grothendieck, A. and I. Bucur and C. Houzel and L. Illusie and J.-P. Jouanolou and J.-P. Serre},
    series={Lecture Notes in Mathematics},
    url={https://link.springer.com/book/10.1007/BFb0096802},
    year={1977},
    publisher={Springer-Verlag}
}


@article{GR_crystals,
    title={Crystals and D-modules}, 
    author={Dennis Gaitsgory and Nick Rozenblyum},
    year={2014},
    eprint={1111.2087},
    archivePrefix={arXiv},
    primaryClass={math.AG},
    keywords = "gaitsgory, rozenblyum, crystals, D-modules"
}

@online{lurie_crystals,
    author = "Jacob Lurie",
    title = "Crystals and D-modules",
    url  = "http://people.math.harvard.edu/~gaitsgde/grad_2009/SeminarNotes/Nov17-19(Crystals).pdf",
    year = {2009},
    keywords = "lurie, crystals, D-modules"
}

@book{elephant1,
    title = {Sketches of an Elephant: A Topos Theory Compendium (Volume 1)},
    author = {Peter T. Johnstone},
    isbn = {9780198534259},
    year = {2002},
    publisher = {Clarendon Press},
    keywords = "topos theory, elephant, johnstone",
    note = {Content guide to be found at \url{https://ncatlab.org/nlab/show/Elephant}}
}

@book{elephant2,
    title = {Sketches of an Elephant: A Topos Theory Compendium (Volume 2)},
    author = {Peter T. Johnstone},
    isbn = {9780198515982},
    year = {2002},
    publisher = {Clarendon Press},
    keywords = "topos theory, elephant, johnstone",
    note = {Content guide to be found at \url{https://ncatlab.org/nlab/show/Elephant}}
}

@article{nlab:copower,
  author = {{nLab authors}},
  title = {copower},
  howpublished = {\url{http://ncatlab.org/nlab/show/copower}},
  note = {\href{http://ncatlab.org/nlab/revision/copower/22}{Revision 22}},
  month = feb,
  year = 2021
}

@article{lurie_DAG:structured_spaces,
      title={Derived Algebraic Geometry V: Structured Spaces}, 
      author={Jacob Lurie},
      year={2009},
      eprint={0905.0459},
      archivePrefix={arXiv},
      primaryClass={math.CT}
}

@article{vistoli_descent,
    title={Notes on Grothendieck topologies, fibered categories and descent theory},
    author={Angelo Vistoli},
    year={2004},
    eprint={math/0412512},
    archivePrefix={arXiv},
    primaryClass={math.AG}
}

@article{leinster_higher_categories,
    title={Higher Operads, Higher Categories},
    author={Tom Leinster},
    year={2003},
    eprint={math/0305049},
    archivePrefix={arXiv},
    primaryClass={math.CT}
}

@online{kelly_enriched_categories,
    author = "Gregory Maxwell Kelly",
    title = "Basic concepts of Enriched Category Theory",
    url  = "https://people.math.rochester.edu/faculty/doug/otherpapers/kelly-book.pdf",
    year = {2005},
    keywords = "enriched category theory"
}

@online{EGNO,
    author = "Pavel Etingof and Shlomo Gelaki and Dmitri Nikshych and Victor Ostrik",
    title = "Tensor Categories",
    series = "Mathematical Surveys and Monographs",
    publisher = "American Mathematical Society",
    url  = "http://www-math.mit.edu/~etingof/egnobookfinal.pdf",
    year = {2015},
    keywords = "tensor categories"
}

@article{riehl_from_scratch,
    title={Infinity category theory from scratch}, 
    author={Emily Riehl and Dominic Verity},
    year={2019},
    eprint={1608.05314},
    archivePrefix={arXiv},
    primaryClass={math.CT}
}

@book{sheaves_in_geometry_and_logic,
    title = {Sheaves in Geometry and Logic: A First Introduction to Topos Theory},
    author = {Saunders Mac Lane and Ieke Moerdijk},
    isbn = {978-0-387-97710-2},
    series = {Universitext},
    year = {1994},
    publisher = {Springer-Verlag New York},
    keywords = "maclane, categories, category theory, topos theory, sheaves"
}

@article{nlab:presheaf,
  author = {{nLab authors}},
  title = {presheaf},
  howpublished = {\url{http://ncatlab.org/nlab/show/presheaf}},
  note = {\href{http://ncatlab.org/nlab/revision/presheaf/57}{Revision 57}},
  month = feb,
  year = 2021
}

@article{nlab:hom-functor_preserves_limits,
  author = {{nLab authors}},
  title = {hom-functor preserves limits},
  howpublished = {\url{http://ncatlab.org/nlab/show/hom-functor\%20preserves\%20limits}},
  note = {\href{http://ncatlab.org/nlab/revision/hom-functor\%20preserves\%20limits/7}{Revision 7}},
  month = feb,
  year = 2021
}

@article{nlab:sheaf,
  author = {{nLab authors}},
  title = {sheaf},
  howpublished = {\url{http://ncatlab.org/nlab/show/sheaf}},
  note = {\href{http://ncatlab.org/nlab/revision/sheaf/70}{Revision 70}},
  month = feb,
  year = 2021
}

@article{riehl_loregian_fibration,
   title={Categorical notions of fibration},
   volume={38},
   ISSN={0723-0869},
   url={http://dx.doi.org/10.1016/j.exmath.2019.02.004},
   DOI={10.1016/j.exmath.2019.02.004},
   number={4},
   journal={Expositiones Mathematicae},
   publisher={Elsevier BV},
   author={Loregian, Fosco and Riehl, Emily},
   year={2020},
   month= dec,
   pages={496–514}
}

@book{knutson,
    title = {Algebraic spaces},
    author = {Donald Knutson},
    isbn = {978-3-540-05496-2},
    series = {Lecture Notes in Mathematics},
    year = {1971},
    publisher = {Springer-Verlag Berlin Heidelberg},
    keywords = "knutson, algebraic spaces"
}

@article{nlab:yoneda_lemma_for_bicategories,
  author = {{nLab authors}},
  title = {{{Y}}oneda lemma for bicategories},
  howpublished = {\url{http://ncatlab.org/nlab/show/Yoneda\%20lemma\%20for\%20bicategories}},
  note = {\href{http://ncatlab.org/nlab/revision/Yoneda\%20lemma\%20for\%20bicategories/16}{Revision 16}},
  month = feb,
  year = 2021
}

@online{schwede_gluing,
    author = "Karl Schwede",
    title = "Gluing Schemes and a Scheme Without Closed Points",
    url = "https://www.math.utah.edu/~schwede/Papers/SchemeWithoutPoints.pdf",
    year = {2000},
    keywords = "schemes, gluing, schwede"
}

@article{shulman2008set,
    title={Set theory for category theory}, 
    author={Michael A. Shulman},
    year={2008},
    eprint={0810.1279},
    archivePrefix={arXiv},
    primaryClass={math.CT}
}

@article{nlab:closure_operator,
  author = {{nLab authors}},
  title = {closure operator},
  howpublished = {\url{http://ncatlab.org/nlab/show/closure\%20operator}},
  note = {\href{http://ncatlab.org/nlab/revision/closure\%20operator/12}{Revision 12}},
  month = feb,
  year = 2021
}

@article{nlab:congruence,
  author = {{nLab authors}},
  title = {congruence},
  howpublished = {\url{http://ncatlab.org/nlab/show/congruence}},
  note = {\href{http://ncatlab.org/nlab/revision/congruence/22}{Revision 22}},
  month = feb,
  year = 2021
}

@article{pronk_universal_property_of_span,
author = {Dawson, R. and Paré, Robert and Pronk, Dorette},
year = {2004},
month = {01},
pages = {},
title = {Universal properties of span},
volume = {13},
journal = {Theory and Applications of Categories [electronic only]}
}

@article{nlab:adjoint_functor_theorem,
  author = {{nLab authors}},
  title = {adjoint functor theorem},
  howpublished = {\url{http://ncatlab.org/nlab/show/adjoint\%20functor\%20theorem}},
  note = {\href{http://ncatlab.org/nlab/revision/adjoint\%20functor\%20theorem/59}{Revision 59}},
  month = mar,
  year = 2021
}

@article{nlab:line_object,
  author = {{nLab authors}},
  title = {line object},
  howpublished = {\url{http://ncatlab.org/nlab/show/line\%20object}},
  note = {\href{http://ncatlab.org/nlab/revision/line\%20object/21}{Revision 21}},
  month = apr,
  year = 2021
}

@article{nlab:core,
  author = {{nLab authors}},
  title = {core},
  howpublished = {\url{http://ncatlab.org/nlab/show/core}},
  note = {\href{http://ncatlab.org/nlab/revision/core/10}{Revision 10}},
  month = apr,
  year = 2021
}

@article{nlab:strict_2-group,
  author = {{nLab authors}},
  title = {strict 2-group},
  howpublished = {\url{http://ncatlab.org/nlab/show/strict\%202-group}},
  note = {\href{http://ncatlab.org/nlab/revision/strict\%202-group/13}{Revision 13}},
  month = apr,
  year = 2021
}

@article{nlab:cleavage,
  author = {{nLab authors}},
  title = {cleavage},
  howpublished = {\url{http://ncatlab.org/nlab/show/cleavage}},
  note = {\href{http://ncatlab.org/nlab/revision/cleavage/9}{Revision 9}},
  month = apr,
  year = 2021
}

@article{nlab:simplicial_set,
  author = {{nLab authors}},
  title = {simplicial set},
  howpublished = {\url{http://ncatlab.org/nlab/show/simplicial\%20set}},
  note = {\href{http://ncatlab.org/nlab/revision/simplicial\%20set/78}{Revision 78}},
  month = apr,
  year = 2021
}

@article{suzuki_yoshida_lcft_refinement,
      title={A refinement of the local class field theory of Serre and Hazewinkel}, 
      author={Takashi Suzuki and Manabu Yoshida},
      year={2012},
      eprint={1104.1762},
      archivePrefix={arXiv},
      primaryClass={math.NT}
}

@article{scholze2011perfectoid,
      title={Perfectoid spaces}, 
      author={Peter Scholze},
      year={2011},
      eprint={1111.4914},
      archivePrefix={arXiv},
      primaryClass={math.AG}
}

@article{nlab:limit,
  author = {{nLab authors}},
  title = {limit},
  howpublished = {\url{http://ncatlab.org/nlab/show/limit}},
  note = {\href{http://ncatlab.org/nlab/revision/limit/80}{Revision 80}},
  month = may,
  year = 2021
}

@article{bhatt_scholze_2014_pro_etale,
    title={The pro-\'etale topology for schemes}, 
    author={Bhargav Bhatt and Peter Scholze},
    year={2014},
    eprint={1309.1198},
    archivePrefix={arXiv},
    primaryClass={math.AG}
}

@article{noohi_fundamental_group,
   title={Fundamental groups of topological stacks with the slice property},
   volume={8},
   ISSN={1472-2747},
   url={http://dx.doi.org/10.2140/agt.2008.8.1333},
   DOI={10.2140/agt.2008.8.1333},
   number={3},
   journal={Algebraic \& Geometric Topology},
   publisher={Mathematical Sciences Publishers},
   author={Noohi, Behrang},
   year={2008},
   month=8,
   pages={1333–1370}
}

@article{nlab:lambda-ring,
  author = {{nLab authors}},
  title = {{{L}}ambda-ring},
  howpublished = {\url{http://ncatlab.org/nlab/show/Lambda-ring}},
  note = {\href{http://ncatlab.org/nlab/revision/Lambda-ring/45}{Revision 45}},
  month = may,
  year = 2021
}

@article{nlab:ring_of_witt_vectors,
  author = {{nLab authors}},
  title = {ring of {{W}}itt vectors},
  howpublished = {\url{http://ncatlab.org/nlab/show/ring\%20of\%20Witt\%20vectors}},
  note = {\href{http://ncatlab.org/nlab/revision/ring\%20of\%20Witt\%20vectors/31}{Revision 31}},
  month = may,
  year = 2021
}

@article{shimomoto2014witt,
    title={On the Witt vectors of perfect rings in positive characteristic}, 
    author={Kazuma Shimomoto},
    year={2014},
    eprint={1404.5147},
    archivePrefix={arXiv},
    primaryClass={math.AC}
}

@article{nlab:coherent_sheaf,
  author = {{nLab authors}},
  title = {coherent sheaf},
  howpublished = {\url{http://ncatlab.org/nlab/show/coherent\%20sheaf}},
  note = {\href{http://ncatlab.org/nlab/revision/coherent\%20sheaf/25}{Revision 25}},
  month = jun,
  year = 2021
}

@article{nlab:infinity-1-limit,
  author = {{nLab authors}},
  title = {$({\infty},1)$-limit},
  howpublished = {\url{http://ncatlab.org/nlab/show/\%28\%E2\%88\%9E\%2C1\%29-limit}},
  note = {\href{http://ncatlab.org/nlab/revision/\%28\%E2\%88\%9E\%2C1\%29-limit/74}{Revision 74}},
  month = may,
  year = 2021
}
    
@article{bhatt_scholze_prisms,
    title={Prisms and Prismatic Cohomology}, 
    author={Bhargav Bhatt and Peter Scholze},
    year={2021},
    eprint={1905.08229},
    archivePrefix={arXiv},
    primaryClass={math.AG}
    }
    
@online{gabber_ramero_almost_ring_theory,
    author = "Ofer Gabber and Lorenzo Ramero",
    title = "Foundations for almost ring theory",
    url  = "https://arxiv.org/abs/math/0409584v13",
    year = {2018},
    keywords = "almost-ring theory",
    note = "Release 7.5"
}

@article{nlab:dold-kan_correspondence,
  author = {{nLab authors}},
  title = {{{D}}old-{{K}}an correspondence},
  howpublished = {\url{http://ncatlab.org/nlab/show/Dold-Kan\%20correspondence}},
  note = {\href{http://ncatlab.org/nlab/revision/Dold-Kan\%20correspondence/118}{Revision 118}},
  month = aug,
  year = 2021
}

@article{fargues_scholze_geometrization_of_local_langlands,
      title={Geometrization of the local Langlands correspondence}, 
      author={Laurent Fargues and Peter Scholze},
      year={2021},
      eprint={2102.13459},
      archivePrefix={arXiv},
      primaryClass={math.RT}
}

@article{scholze2012padic,
      title={p-adic Hodge theory for rigid-analytic varieties}, 
      author={Peter Scholze},
      year={2012},
      eprint={1205.3463},
      archivePrefix={arXiv},
      primaryClass={math.AG}
}

@book{aluffi_chapter_0,
    author = {Aluffi, Paolo},
    address = {Providence},
    booktitle = {Algebra},
    isbn = {9780821847817},
    keywords = {Algebra ; Textbooks},
    language = {eng},
    publisher = {American Mathematical Society},
    series = {Graduate studies in mathematics},
    title = {Algebra: Chapter 0},
    volume = {104},
    year = {2009},
}

@book{beilinson2004chiral,
  title={Chiral Algebras},
  author={Beilinson, A. and Drinfeld, V},
  isbn={9780821835289},
  lccn={2003063872},
  series={American Mathematical Society Colloquium Publications},
  url={https://books.google.ca/books?id=Fr8jDwAAQBAJ},
  year={2004},
  publisher={American Mathematical Society}
}

@article{zhu_2016_geometric_satake,
      title={Affine Grassmannians and the geometric Satake in mixed characteristic}, 
      author={Xinwen Zhu},
      year={2016},
      eprint={1407.8519},
      archivePrefix={arXiv},
      primaryClass={math.AG}
}

@book{levine_1998_mixed_motives,
    title={Mixed Motives},
    author={Levine, M. and American Mathematical Society},
    isbn={9780821807859},
    lccn={98004734},
    series={Mathematical surveys and monographs},
    url={https://books.google.ca/books?id=wufxBwAAQBAJ},
    year={1998},
    publisher={American Mathematical Society}
}

@article{nayak_essentially_of_finite_type,
    title = {Compactification for essentially finite-type maps},
    journal = {Advances in Mathematics},
    volume = {222},
    number = {2},
    pages = {527-546},
    year = {2009},
    issn = {0001-8708},
    doi = {https://doi.org/10.1016/j.aim.2009.05.002},
    url = {https://www.sciencedirect.com/science/article/pii/S0001870809001364},
    author = {Suresh Nayak},
    keywords = {Nagata compactification, Essentially of finite type, Grothendieck duality, Localizing map, Birational map},
    abstract = {We show that any separated essentially finite-type map f of noetherian schemes globally factors as f=hi where i is an injective localization map and h a separated finite-type map. In particular, via Nagata's compactification theorem, h can be chosen to be proper. We apply these results to Grothendieck duality. We also obtain other factorization results and provide essentialized versions of many general results such as Zariski's Main Theorem, Chow's Lemma, and blow-up descriptions of birational maps.}
}

@article{tendler_2015_geometric_class_field_theory,
    title={Geometric Class Field Theory}, 
    author={Avichai Tendler},
    year={2015},
    eprint={1507.00104},
    archivePrefix={arXiv},
    primaryClass={math.AG}
}

@article{tendler_2010_geometric_class_field_theory_original,
	author = {Tendler, Avichai},
	keywords = {Class field theory},
	language = {eng},
	title = {Geometric class field theory},
	year = {2010}}


@book{neukirch_2010_algebraic_number_theory,
    AUTHOR = {Neukirch, J\"{u}rgen},
     TITLE = {Algebraic number theory},
    SERIES = {Grundlehren der mathematischen Wissenschaften [Fundamental
              Principles of Mathematical Sciences]},
    VOLUME = {322},
      NOTE = {Translated from the 1992 German original and with a note by
              Norbert Schappacher,
              With a foreword by G. Harder},
 PUBLISHER = {Springer-Verlag, Berlin},
      YEAR = {1999},
     PAGES = {xviii+571},
      ISBN = {3-540-65399-6},
   MRCLASS = {11Rxx (11-02 11S15 11S31 14C40)},
  MRNUMBER = {1697859},
MRREVIEWER = {Cornelius Greither},
       DOI = {10.1007/978-3-662-03983-0},
       URL = {https://doi.org/10.1007/978-3-662-03983-0},
}

@book{neukirch_1999_cohomology_of_number_field,
  title={Cohomology of Number Fields},
  author={Neukirch, J. and Schmidt, A. and Wingberg, K.},
  isbn={9783540666714},
  lccn={99056700},
  series={Grundlehren der mathematischen Wissenschaften},
  url={https://books.google.ca/books?id=9WST1LnyCucC},
  year={1999},
  publisher={Springer Berlin Heidelberg}
}

@book{lam_first_course_in_noncommutative_rings,
  AUTHOR = {Lam, T. Y.},
     TITLE = {A first course in noncommutative rings},
    SERIES = {Graduate Texts in Mathematics},
    VOLUME = {131},
   EDITION = {Second},
 PUBLISHER = {Springer-Verlag, New York},
      YEAR = {2001},
     PAGES = {xx+385},
      ISBN = {0-387-95183-0},
   MRCLASS = {16-01},
  MRNUMBER = {1838439},
       DOI = {10.1007/978-1-4419-8616-0},
       URL = {https://doi.org/10.1007/978-1-4419-8616-0},
}

@BOOK{SGA1,
    AUTHOR = "Grothendieck, Alexander and Raynaud, Michèle",
    TITLE = "Rev\^etements \'etales et groupe fondamental (SGA 1)",
    PUBLISHER = "Springer-Verlag",
    YEAR = "1971",
    SERIES = "Lecture notes in mathematics",
    VOLUME = "224"
}

@article{isaksen_2001_limits_and_colimits_in_pro_categories,
    title={Calculating limits and colimits in pro-categories}, 
    author={Daniel C. Isaksen},
    year={2001},
    eprint={math/0106094},
    archivePrefix={arXiv},
    primaryClass={math.CT}
}

@online{kundu_etale_fundamental_group_of_elliptic_curves,
    author = "Arnab Kundu",
    title = "The \'etale fundamental group of an elliptic curve",
    url  = "http://math.uchicago.edu/~may/REU2017/REUPapers/Kundu.pdf",
    year = {2017},
    keywords = "\'etale fundamental group, elliptic curves"
}

@article{milne_field_theory,
    author={Milne, James S.},
    title={Fields and Galois Theory (v5.00)},
    year={2021},
    url = {https://www.jmilne.org/math/CourseNotes/ft.html},
    pages={142}
}

@article{kleiman2005picard,
    title={The Picard scheme}, 
    author={Steven L. Kleiman},
    year={2005},
    eprint={math/0504020},
    archivePrefix={arXiv},
    primaryClass={math.AG}
}

@online{bhatt_abelian_varieties,
    author = "Bhargav Bhatt and Matt Stevenson and Devlin Mallory",
    title = "MATH731: Topics in algebriac geometry (Abelian varieties)",
    url  = "http://www-personal.umich.edu/~stevmatt/abelian_varieties.pdf",
    year = {2017},
    keywords = "bhatt, abelian varieties"
}

@article{stefanich_2020_higher_presentable_categories,
    title={Presentable $(\infty, n)$-categories}, 
    author={Germán Stefanich},
    year={2020},
    eprint={2011.03035},
    archivePrefix={arXiv},
    primaryClass={math.AT}
}

@ARTICLE{kawasaki_macaulayfication_of_noetherian_rings,
    AUTHOR = "Kawasaki, Takesi",
    TITLE = "On arithmetic {M}acaulayfication of {N}oetherian rings",
    JOURNAL = "Trans. Amer. Math. Soc.",
    VOLUME = "354",
    YEAR = "2002",
    NUMBER = "1",
    PAGES = "123--149 (electronic)",
    URL = "https://dx.doi.org/10.1090/S0002-9947-01-02817-3"
}

@article{laszlo_olsson_adic_sheaves_on_artin_stacks_1,
    title={The six operations for sheaves on Artin stacks I: Finite Coefficients}, 
    author={Yves Laszlo and Martin Olsson},
    year={2006},
    eprint={math/0512097},
    archivePrefix={arXiv},
    primaryClass={math.AG}
}

@article{laszlo_olsson_adic_sheaves_on_artin_stacks_2,
    title={The six operations for sheaves on Artin stacks II: Adic Coefficients}, 
    author={Yves Laszlo and Martin Olsson},
    year={2006},
    eprint={math/0603680},
    archivePrefix={arXiv},
    primaryClass={math.AG}
}

@article{behrend_l_adic_sheaves_for_algebraic_stacks,
    author = {Behrend, Kai},
    year = {2003},
    month = {05},
    pages = {},
    title = {Derived $\ell$-adic categories for algebraic stacks},
    volume = {774},
    journal = {Memoirs of the American Mathematical Society},
    doi = {10.1090/memo/0774}
}

@book{mumford_1970_abelian_varieties,
    title={Abelian Varieties},
    author={Mumford, David},
    isbn={9780195605280},
    lccn={74022697},
    series={Studies in mathematics},
    url={https://books.google.ca/books?id=udFFAQAAIAAJ},
    year={1970},
    publisher={Tata Institute of Fundamental Research, Bombay}
}

@online{lenstra_1985_galois_theory_for_schemes,
  title={Galois theory for schemes},
  author={Hendrik W. Lenstra},
  year={1985},
  url = {https://websites.math.leidenuniv.nl/algebra/GSchemes.pdf}
}

@article{heinloth2009uniformization,
    title={Uniformization of $\mathcal{G}$-bundles}, 
    author={Jochen Heinloth},
    year={2009},
    eprint={0711.4450},
    archivePrefix={arXiv},
    primaryClass={math.AG}
}

@article{sorger_BunG_uniformisation,
    title = {Lectures on moduli of principal G-bundles over algebraic curves},
    author = {Sorger, Christoph},
    year = {2000},
    month = 8,
    url  = "http://users.ictp.it/~pub_off/lectures/lns001/Sorger/Sorger.pdf"
}

@book{freitag_kiehl_etale_cohomology,
    title={Etale Cohomology and the Weil Conjecture},
    author={Reinhardt Kiehl and Eberhard Freitag},
    isbn={9783662025413},
    series={Ergebnisse der Mathematik und ihrer Grenzgebiete. 3. Folge / A Series of Modern Surveys in Mathematics},
    url={https://books.google.ca/books?id=PZv6CAAAQBAJ},
    year={2013},
    publisher={Springer Berlin Heidelberg}
}

@book{kiehl_weissauer_weil_conjecture_perverse_sheaves_and_l_adic_fourier_transform,
    title={Weil Conjectures, Perverse Sheaves and l’adic Fourier Transform},
    author={Reinhardt Kiehl and Rainer Weissauer},
    isbn={9783540414575},
    lccn={01031426},
    series={Ergebnisse der Mathematik und ihrer Grenzgebiete. 3. Folge / A Series of Modern Surveys in Mathematics},
    url={https://books.google.ca/books?id=0Va-bAoA-xcC},
    year={2001},
    publisher={Springer Berlin Heidelberg}
}

@book{springer_linear_algebraic_groups,
    title={Linear Algebraic Groups},
    author={Springer, T.A.},
    isbn={9780817640217},
    lccn={98009333},
    series={Progress in mathematics},
    url={https://books.google.ca/books?id=2XcCJRH4p8YC},
    year={1998},
    publisher={Springer}
}

@phdthesis{aaron_christie_thesis_nearby_cycles,
    title={Galois Actions on $\ell$-adic Local Systems and Their Nearby Cycles: A Geometrization of Fourier Eigendistributions on the $p$-adic Lie Algebra $\mathfrak{sl}(2)$}, 
    author={Aaron Christie},
    year={2014},
    eprint={1410.8108},
    archivePrefix={arXiv},
    primaryClass={math.AG}
}

@online{conrad_etale_cohomology,
    author = "Brian Conrad",
    title = "\'Etale cohomology",
    url  = "https://math.unice.fr/~dehon/CohEtale-09/Elencj_Etale/CONRAD\%20Etale\%20Cohomology.pdf",
    %year = {},
    keywords = "conrad, etale cohomology"
}

@article{cunningham_roe_function_sheaf_dictionary_quasi_characters_p_adic_tori,
    title = {From the function-sheaf dictionary to quasicharacters of $p$-adic tori},
    volume={17},
    ISSN={1475-3030},
    url={http://dx.doi.org/10.1017/S1474748015000286},
    DOI={10.1017/s1474748015000286},
    number={1},
    journal={Journal of the Institute of Mathematics of Jussieu},
    publisher={Cambridge University Press (CUP)},
    author={Cunningham, Clifton and Roe, David},
    year={2015},
    pages={1–37} }

@article{milne_algebraic_groups,
    author={Milne, James S.}, title={Algebraic Groups (v2.00)}, year={2015}, url = {https://www.jmilne.org/math/CourseNotes/ala.html}, pages={528} 
}

@online{keith_conrad_galois_correspondence,
    author = "Keith Conrad",
    title = "The Galois Correspondence",
    url  = "https://kconrad.math.uconn.edu/blurbs/galoistheory/galoiscorr.pdf",
    %year = {},
    keywords = "keith conrad, galois correspondence"
}

@online{keith_conrad_exterior_algebras,
    author = "Keith Conrad",
    title = "Exterior Powers",
    url  = "https://kconrad.math.uconn.edu/blurbs/linmultialg/extmod.pdf",
    %year = {},
    keywords = "keith conrad, exterior algebras, exterior powers"
}

@masterthesis{toth_geometric_abelian_class_field_theory,
    year = {2011},
    title = {Geometric Abelian Class Field Theory},
    copyright = {info:eu-repo/semantics/OpenAccess},
    language = {eng},
    url = {http://math.bu.edu/people/rmagner/Seminar/GCFTthesis.pdf},
    author = {T\'oth, P\'eter},
}

@book{hilton_stammbach_homological_algebra,
    AUTHOR = {Hilton, P. J. and Stammbach, U.},
     TITLE = {A course in homological algebra},
    SERIES = {Graduate Texts in Mathematics},
    VOLUME = {4},
   EDITION = {Second},
 PUBLISHER = {Springer-Verlag, New York},
      YEAR = {1997},
     PAGES = {xii+364},
      ISBN = {0-387-94823-6},
   MRCLASS = {18-02 (17B56 18Gxx 20J05)},
  MRNUMBER = {1438546},
       DOI = {10.1007/978-1-4419-8566-8},
       URL = {https://doi.org/10.1007/978-1-4419-8566-8},
}

@article{milne_abelian_varieties,
    author={Milne, James S.},
    title={Abelian Varieties (v2.00)},
    year={2008},
    url = {https://www.jmilne.org/math/CourseNotes/av.html},
    pages={166+vi}
}

@book{hatcher2002algebraic,
    title={Algebraic Topology},
    author={Hatcher, Allen},
    isbn={9780521795401},
    lccn={00065166},
    series={Algebraic Topology},
    url={https://books.google.ca/books?id=BjKs86kosqgC},
    year={2002},
    publisher={Cambridge University Press}
}

@book{topological_groups_and_related_structures,
    title={Topological Groups and Related Structures},
    author={Arhangel’skii, Alexander and Tkachenko, Mikhail},
    isbn={9789078677062},
    lccn={2010537978},
    series={Atlantis studies in mathematics},
    url={https://books.google.ca/books?id=B785AETmFKEC},
    year={2008},
    publisher={Atlantis Press}
}

@incollection{grothendieck_fga_2,
    author = {Grothendieck, Alexander},
    title = {Technique de descente et th\'eor\`emes d'existence en g\'eom\'etrie alg\'ebriques. {II.} {Le} th\'eor\`eme d'existence en th\'eorie formelle des modules},
    booktitle = {S\'eminaire Bourbaki : ann\'ees 1958/59 - 1959/60, expos\'es 169-204},
    series = {S\'eminaire Bourbaki},
    note = {talk:195},
    publisher = {Soci\'et\'e math\'ematique de France},
    number = {5},
    year = {1960},
    zbl = {0234.14007},
    mrnumber = {1603480},
    language = {fr},
    url = {http://www.numdam.org/item/SB_1958-1960__5__369_0/}
}

@article{de_jong_etale_fundamental_group_of_rigid_varieties,
    author = {de Jong, Aise Johan},
    title = {\'Etale fundamental groups of non-archimedean analytic spaces},
    journal = {Compositio Mathematica},
    pages = {89--118},
    publisher = {Kluwer Academic Publishers},
    volume = {97},
    number = {1-2},
    year = {1995},
    zbl = {0864.14012},
    mrnumber = {1355119},
    language = {en},
    url = {http://www.numdam.org/item/CM_1995__97_1-2_89_0/}
}

@online{MATH525_covering_spaces_and_fundamental_group_project,
    title={Galois categories and The Fundamental Theorem of Covering Spaces},
    author={Desrochers, Justin and Ha, MinhDat and and Ray, Mishty},
    year={2022},
    %note = "Available upon request through {\tt dat.ha@ucalgary.ca}",
    url = "https://drive.google.com/drive/folders/1gknnPznF7clTENlfo-G3HCiC3OSp-e6X?usp=sharing"
}

@article{nlab:connected_objects,
  author = {{nLab authors}},
  title = {Connected objects},
  howpublished = {\url{https://ncatlab.org/nlab/show/connected+object}},
  %note = {\href{http://ncatlab.org/nlab/revision/copower/22}{Revision 22}},
  month = apr,
  year = 2022
}

@article{hoffmann_2007_homological_algebra_of_topological_groups,
    title = {Homological algebra with locally compact abelian groups},
    journal = {Advances in Mathematics},
    volume = {212},
    number = {2},
    pages = {504-524},
    year = {2007},
    issn = {0001-8708},
    doi = {https://doi.org/10.1016/j.aim.2006.09.019},
    url = {https://www.sciencedirect.com/science/article/pii/S0001870806003537},
    author = {Norbert Hoffmann and Markus Spitzweck}
}

@article{monomorphisms_and_epimorphisms_of_topological_groups,
    author = {Arduini, Pietro},
    title = {Monomorphisms and epimorphisms in abstract categories},
    journal = {Rendiconti del Seminario Matematico della Universit\`a di Padova},
    pages = {135--166},
    publisher = {Seminario Matematico of the University of Padua},
    volume = {42},
    year = {1969},
    zbl = {0254.18002},
    mrnumber = {280559},
    language = {en},
    url = {http://www.numdam.org/item/RSMUP_1969__42__135_0/}
}

@book{vinberg_2003_algebra,
    title={A Course in Algebra},
    author={Vinberg, {\.E}.B. and Retakh, A.},
    isbn={9780821834138},
    lccn={2002033011},
    series={Graduate studies in mathematics},
    url={https://books.google.ca/books?id=kd24d3mwaecC},
    year={2003},
    publisher={American Mathematical Society}
}

@article{nlab:epimorphisms,
  author = {{nLab authors}},
  title = {Epimorphisms},
  howpublished = {\url{https://ncatlab.org/nlab/show/epimorphism}},
  month = apr,
  year = 2022
}

@article{nlab:category_of_G_sets,
  author = {{nLab authors}},
  title = {Category of $G$-sets},
  howpublished = {\url{https://ncatlab.org/nlab/show/category+of+G-sets}},
  month = apr,
  year = 2022
}

@article{math_SE_connected_spaces_are_connected_objects,
    TITLE = {Does taking mapping spaces with a connected space preserve disjoint unions?},
    AUTHOR = {Uleke (\url{https://math.stackexchange.com/users/259119/uleke}), Mathematics Stack Exchange user},
    HOWPUBLISHED = {Mathematics Stack Exchange},
    %NOTE = {URL:https://math.stackexchange.com/q/1385654 (version: 2015-08-11)},
    %EPRINT = {https://math.stackexchange.com/q/1385654},
    URL = {https://math.stackexchange.com/q/1385654}
}

@book{szamuely_fundamental_groups,
    title={Galois Groups and Fundamental Groups},
    author={Szamuely, Tamás},
    isbn={9780521888509},
    lccn={2009003670},
    series={Cambridge Studies in Advanced Mathematics},
    url={https://books.google.ca/books?id=\_H7PuKhJHZkC},
    year={2009},
    publisher={Cambridge University Press}
}

@online{conrad_keel_mori_theorem_via_stacks,
    author = "Brian Conrad",
    title = "\'Etale cohomology",
    url  = "https://math.stanford.edu/~conrad/papers/coarsespace.pdf",
    %year = {},
    keywords = "conrad, moduli spaces, keel-mori theorem"
}

@article{scholze_langlands_kottwitz_for_modular_curves,
  doi = {10.48550/ARXIV.1003.1935},
  
  url = {https://arxiv.org/abs/1003.1935},
  
  author = {Scholze, Peter},
  
  keywords = {Algebraic Geometry (math.AG), Number Theory (math.NT), FOS: Mathematics, FOS: Mathematics, 14G35},
  
  title = {The Langlands-Kottwitz approach for the modular curve},
  
  publisher = {arXiv},
  
  year = {2010},
  
  copyright = {arXiv.org perpetual, non-exclusive license}
}

@book{scholze_weinstein_2020_berkeley_lectures_on_p_adic_geometry,
  title={Berkeley Lectures on p-adic Geometry: (AMS-207)},
  author={Scholze, P. and Weinstein, J.},
  isbn={9780691202150},
  lccn={2021701964},
  series={Annals of Mathematics Studies},
  url={https://books.google.co.jp/books?id=Rb7iDwAAQBAJ},
  year={2020},
  publisher={Princeton University Press}
}

@book{rowen_graduate_noncommutative_algebra,
    title={Graduate Algebra: Noncommutative View},
    author={Rowen, Louis Halle},
    isbn={9780821884089},
    series={Graduate Algebra},
    url={https://books.google.co.jp/books?id=8svFC09gGeMC},
    year={2008},
    publisher={American Mathematical Society}
}

@article{leinster_projective_indecomposable_modules_are_simple,
    doi = {10.48550/ARXIV.1410.3671},
    
    url = {https://arxiv.org/abs/1410.3671},
    
    author = {Leinster, Tom},
    
    keywords = {Rings and Algebras (math.RA), Representation Theory (math.RT), FOS: Mathematics, FOS: Mathematics},
    
    title = {The bijection between projective indecomposable and simple modules},
    
    publisher = {arXiv},
    
    year = {2014},
    
    copyright = {arXiv.org perpetual, non-exclusive license}
}

@book{kac_infinite_dimensional_lie_algebras,
    AUTHOR = {Kac, Victor G.},
     TITLE = {Infinite-dimensional Lie algebras},
   EDITION = {Third},
 PUBLISHER = {Cambridge University Press, Cambridge},
      YEAR = {1990},
     PAGES = {xxii+400},
      ISBN = {0-521-37215-1},
   MRCLASS = {17B65 (17B67 17B68 58F07)},
  MRNUMBER = {1104219},
       DOI = {10.1017/CBO9780511626234},
       URL = {https://doi.org/10.1017/CBO9780511626234},
}

@article{gabber_kac_generators_and_relations_affine_lie_algebras,
    author = {Ofer Gabber and Victor G. Kac},
    title = {{On defining relations of certain infinite-dimensional Lie algebras}},
    volume = {5},
    journal = {Bulletin (New Series) of the American Mathematical Society},
    number = {2},
    publisher = {American Mathematical Society},
    pages = {185 -- 189},
    year = {1981},
    doi = {bams/1183548298},
    URL = {https://doi.org/}
}

@book{carter_affine_lie_algebras,
    AUTHOR = {Carter, Roger W.},
     TITLE = {Lie algebras of finite and affine type},
    SERIES = {Cambridge Studies in Advanced Mathematics},
    VOLUME = {96},
 PUBLISHER = {Cambridge University Press, Cambridge},
      YEAR = {2005},
     PAGES = {xviii+632},
      ISBN = {978-0-521-85138-1},
   MRCLASS = {17-02 (17B67)},
  MRNUMBER = {2188930},
MRREVIEWER = {Stephen Slebarski},
       DOI = {10.1017/CBO9780511614910},
       URL = {https://doi.org/10.1017/CBO9780511614910},
}

@article{prussing_principal_minor_test_for_semi_definite_matrices,
author = {Prussing, John E.},
title = {The principal minor test for semidefinite matrices},
journal = {Journal of Guidance, Control, and Dynamics},
volume = {9},
number = {1},
pages = {121-122},
year = {1986},
doi = {10.2514/3.20077},

URL = { 
    
        https://doi.org/10.2514/3.20077
    
    

},
eprint = { 
    
        https://doi.org/10.2514/3.20077
    
    

}

}

@book{horn_matrix_analysis,
  title={Matrix Analysis},
  author={Horn, R.A. and Johnson, C.R.},
  isbn={9781139788885},
  url={https://books.google.com.hk/books?id=O7sgAwAAQBAJ},
  year={2012},
  publisher={Cambridge University Press}
}

@book{representations_of_associative_algebras_1,
    title={Elements of the Representation Theory of Associative Algebras: Volume 1: Techniques of Representation Theory},
    author={Assem, I. and Simson, D. and Skowronski, A.},
    isbn={9780521584234},
    lccn={2004045885},
    series={Elements of the Representation Theory of Associative Algebras},
    url={https://books.google.com.hk/books?id=ayNHpi3tYhQC},
    year={2006},
    publisher={Cambridge University Press}
}

@article{krause_quiver_representations_via_reflection_functors,
    doi = {10.48550/ARXIV.0804.1428},
    
    url = {https://arxiv.org/abs/0804.1428},
    
    author = {Krause, Henning},
    
    keywords = {Representation Theory (math.RT), Rings and Algebras (math.RA), FOS: Mathematics, FOS: Mathematics},
    
    title = {Representations of quivers via reflection functors},
    
    publisher = {arXiv},
    
    year = {2008},
    
    copyright = {arXiv.org perpetual, non-exclusive license}
}

@book{dixmier_enveloping_algebras,
    series = {Graduate studies in mathematics ; v. 11},
    publisher = {American Mathematical Society},
    isbn = {0821805606},
    year = {1996},
    title = {Enveloping algebras},
    language = {eng},
    address = {Providence, R.I.},
    author = {Dixmier, Jacques},
    keywords = {Universal enveloping algebras; Lie algebras; Representations of algebras; Ideals (Algebra)},
}

@online{perrin_kac_moody_algebras,
    author = "Nicolas Perrin",
    title = "Introduction to Kac-Moody groups and Lie algebras",
    url  = "https://lmv.math.cnrs.fr/wp-content/uploads/2019/09/km-suite.pdf",
    year = {2015},
    keywords = "kac-moody algebras"
}

@article{braverman_gaitsgory_PBW_for_koszul_quadratic_algebras,
    AUTHOR = {Braverman, Alexander and Gaitsgory, Dennis},
     TITLE = {Poincar\'{e}-{B}irkhoff-{W}itt theorem for quadratic algebras of
              {K}oszul type},
   JOURNAL = {J. Algebra},
  FJOURNAL = {Journal of Algebra},
    VOLUME = {181},
      YEAR = {1996},
    NUMBER = {2},
     PAGES = {315--328},
      ISSN = {0021-8693},
   MRCLASS = {16E40 (16S80)},
  MRNUMBER = {1383469},
MRREVIEWER = {Alexander E. Polishchuk},
       DOI = {10.1006/jabr.1996.0122},
       URL = {https://doi.org/10.1006/jabr.1996.0122},
}

@online{ginzburg_lectures_on_D_modules,
    author = "Victor Ginzburg",
    title = "Lectures on D-modules",
    url  = "https://people.math.harvard.edu/~gaitsgde/grad_2009/Ginzburg.pdf",
    year = {2009},
    keywords = "algebraic D-modules"
}

@online{joel_gibson_affine_sl2_root_system,
    author = "Joel Gibson",
    title = "\textit{Lievis}: Affine $\sl_2$",
    url  = "https://www.jgibson.id.au/lievis/affine_sl2/",
    year = {2022},
    keywords = "affine sl2 root system, kac-moody algebras"
}

@article{ginzburg_noncommutative_geometry,
    doi = {10.48550/ARXIV.MATH/0506603},
    
    url = {https://arxiv.org/abs/math/0506603},
    
    author = {Ginzburg, Victor},
    
    keywords = {Algebraic Geometry (math.AG), Quantum Algebra (math.QA), FOS: Mathematics, FOS: Mathematics},
    
    title = {Lectures on Noncommutative Geometry},
    
    publisher = {arXiv},
    
    year = {2005},
    
    copyright = {Assumed arXiv.org perpetual, non-exclusive license to distribute this article for submissions made before January 2004}
}

@book{kassel_quantum_groups,
    AUTHOR = {Kassel, Christian},
     TITLE = {Quantum groups},
    SERIES = {Graduate Texts in Mathematics},
    VOLUME = {155},
 PUBLISHER = {Springer-Verlag, New York},
      YEAR = {1995},
     PAGES = {xii+531},
      ISBN = {0-387-94370-6},
   MRCLASS = {17B37 (16W30 18D10 20F36 57M25 81R50)},
  MRNUMBER = {1321145},
MRREVIEWER = {Yu. N. Bespalov},
       DOI = {10.1007/978-1-4612-0783-2},
       URL = {https://doi.org/10.1007/978-1-4612-0783-2},
}

@book{lieb_loss_analysis,
    series = {Graduate studies in mathematics ; v. 14},
    publisher = {American Mathematical Society},
    isbn = {0821806327},
    year = {1997},
    title = {Analysis},
    language = {eng},
    address = {Providence, R.I.},
    author = {Lieb, Elliott H and Loss, Michael},
    keywords = {Mathematical analysis},
}

@book{kedlaya_liu_p_adic_hodge_theory_1,
    series = {Astérisque ; 371},
    isbn = {9782856298077},
    year = {2015},
    title = {Relative p-adic Hodge theory: Foundations},
    language = {eng},
    author = {Kedlaya, Kiran Sridhara and Liu, Ruochuan},
    keywords = {Hodge theory; p-adic fields; Geometry Algebraic},
}

@article{scholze_weinstein_moduli_of_p_divisible_groups,
    doi = {10.48550/ARXIV.1211.6357},
    
    url = {https://arxiv.org/abs/1211.6357},
    
    author = {Scholze, Peter and Weinstein, Jared},
    
    keywords = {Number Theory (math.NT), Algebraic Geometry (math.AG), FOS: Mathematics, FOS: Mathematics, 14L05, 14G22},
    
    title = {Moduli of p-divisible groups},
    
    publisher = {arXiv},
    
    year = {2012},
    
    copyright = {arXiv.org perpetual, non-exclusive license}
}

@article{scholze_etale_cohomology_of_diamonds,
    doi = {10.48550/ARXIV.1709.07343},
    
    url = {https://arxiv.org/abs/1709.07343},
    
    author = {Scholze, Peter},
    
    keywords = {Algebraic Geometry (math.AG), Number Theory (math.NT), FOS: Mathematics, FOS: Mathematics, 14F20, 14F05, 14G22, 14G20},
    
    title = {Etale cohomology of diamonds},
    
    publisher = {arXiv},
    
    year = {2017},
    
    copyright = {arXiv.org perpetual, non-exclusive license}
}

@article{steinberg_regular_elements_of_semi_simple_algebraic_groups,
     author = {Steinberg, Robert},
     title = {Regular elements of semi-simple algebraic groups},
     journal = {Publications Math\'ematiques de l'IH\'ES},
     pages = {49--80},
     publisher = {Institut des Hautes \'Etudes Scientifiques},
     volume = {25},
     year = {1965},
     zbl = {0136.30002},
     mrnumber = {31 #4788},
     language = {en},
     url = {http://www.numdam.org/item/PMIHES_1965__25__49_0/}
}

@book{humphreys_lie_algebras,
    isbn = {0387900535},
    year = {1972},
    title = {Introduction to Lie algebras and representation theory},
    SERIES = {Graduate Texts in Mathematics},
    VOLUME = {4},
    PUBLISHER = {Springer-Verlag, New York},
    YEAR = {1972},
    language = {eng},
    author = {Humphreys, James E.},
    keywords = {Lie algebras; Representations of groups},
    doi = {978-1-4612-6398-2},
    url = {https://doi.org/10.1007/978-1-4612-6398-2}
}

@book{montgomery_hopf_algebras_acting_on_rings,
    series = {Regional conference series in mathematics ; no. 82},
    publisher = {Published for the Conference Board of the Mathematical Sciences by the American Mathematical Society},
    isbn = {0821807382},
    year = {1993},
    title = {Hopf algebras and their actions on rings},
    language = {eng},
    address = {Providence, R.I.},
    author = {Montgomery, Susan},
    keywords = {Hopf algebras -- Congresses; Associative rings -- Congresses},
}

@article{appel_laredo_2_categorical_etingof_kazhdan_quantisation,
    doi = {10.1007/s00029-017-0381-z},
    
    url = {https://doi.org/10.1007%2Fs00029-017-0381-z},
    
    year = 2018,
    month = {jan},
    
    publisher = {Springer Science and Business Media {LLC}
    },
    
    volume = {24},
    
    number = {4},
    
    pages = {3529--3617},
    
    author = {Andrea Appel and Valerio Toledano Laredo},
    
    title = {A 2-categorical extension of Etingof-Kazhdan quantisation},
    
    journal = {Selecta Mathematica}
}

@article{buzzard_verberkmoes_stably_uniform_implies_sheafy,
      title={Stably uniform affinoids are sheafy}, 
      author={Kevin Buzzard and Alain Verberkmoes},
      year={2015},
      eprint={1404.7020},
      archivePrefix={arXiv},
      primaryClass={math.NT}
}

@article{gabber_ramero_almost_ring_theory_published_book_2002,
    title={Almost ring theory - sixth release}, 
    author={Ofer Gabber and Lorenzo Ramero},
    year={2002},
    eprint={math/0201175},
    archivePrefix={arXiv},
    primaryClass={math.AG}
}

@book{illusie_cotangent_complex_1,
    author = {Illusie, Luc},
    address = {Berlin, Heidelberg},
    copyright = {Springer-Verlag Berlin Heidelberg 1971},
    isbn = {3540056866},
    issn = {0075-8434},
    keywords = {Mathematics ; Mathematics and Statistics ; Mathematics, general},
    language = {fre},
    publisher = {Springer Berlin Heidelberg},
    series = {Lecture Notes in Mathematics},
    title = {Complexe Cotangent et Déformations I},
    volume = {239},
    year = {2006},
}

@article{huber_continuous_valuations,
    title={Continuous valuations},
    author={Huber, Roland},
    journal={Math. Z},
    volume={212},
    number={3},
    pages={455--477},
    year={1993}
}

@article{andreychev2021pseudocoherent,
    title={Pseudocoherent and Perfect Complexes and Vector Bundles on Analytic Adic Spaces}, 
    author={Grigory Andreychev},
    year={2021},
    eprint={2105.12591},
    archivePrefix={arXiv},
    primaryClass={math.AG}
}

@online{clausen_scholze_condensed,
    author = "Dustin Clausen and Peter Scholze",
    title = "Lectures on Condensed Mathematics",
    url  = "https://www.math.uni-bonn.de/people/scholze/Condensed.pdf",
    year = {2019},
    keywords = "condensed mathematics"
}

@article{etingof_kazhdan_quantisation_1,
    title={Quantization of Lie bialgebras, I}, 
    author={Pavel Etingof and David Kazhdan},
    year={2016},
    eprint={q-alg/9506005},
    archivePrefix={arXiv},
    primaryClass={q-alg}
}

@article{guay_regelskis_wendlandt_affine_yangian_vertex_representations_and_PBW,
    AUTHOR = {Guay, Nicolas and Regelskis, Vidas and Wendlandt, Curtis},
     TITLE = {Vertex representations for {Y}angians of {K}ac-{M}oody
              algebras},
   JOURNAL = {J. \'{E}c. polytech. Math.},
  FJOURNAL = {Journal de l'\'{E}cole polytechnique. Math\'{e}matiques},
    VOLUME = {6},
      YEAR = {2019},
     PAGES = {665--706},
      ISSN = {2429-7100},
   MRCLASS = {17B37 (17B69 81R10)},
  MRNUMBER = {4014633},
MRREVIEWER = {Kyu-Hwan Lee},
       DOI = {10.5802/jep.103},
       URL = {https://doi.org/10.5802/jep.103},
}

@article{guay_nakajima_wendlandt_affine_yangian_coproduct,
    AUTHOR = {Guay, Nicolas and Nakajima, Hiraku and Wendlandt, Curtis},
     TITLE = {Coproduct for {Y}angians of affine {K}ac-{M}oody algebras},
   JOURNAL = {Adv. Math.},
  FJOURNAL = {Advances in Mathematics},
    VOLUME = {338},
      YEAR = {2018},
     PAGES = {865--911},
      ISSN = {0001-8708},
   MRCLASS = {17B37 (17B67)},
  MRNUMBER = {3861718},
MRREVIEWER = {Volodymyr Mazorchuk},
       DOI = {10.1016/j.aim.2018.09.013},
       URL = {https://doi.org/10.1016/j.aim.2018.09.013},
}

@book{chari_pressley_quantum_groups,
    address = {Cambridge ; New York, N.Y.},
    author = {Chari, Vyjayanthi and Pressley, Andrew},
    keywords = {Quantum groups; Mathematical physics},
    publisher = {Cambridge University Press},
    isbn = {0521433053},
    year = {1994},
    title = {A guide to quantum groups},
}

@article{gautam_and_toledano_laredo_yangians_quantum_loop_algebras_and_abelian_difference_equations,
    title={Yangians, quantum loop algebras and abelian difference equations}, 
    author={S. Gautam and V. Toledano-Laredo},
    year={2015},
    eprint={1310.7318},
    archivePrefix={arXiv},
    primaryClass={math.QA}
}

@article{wendlandt_restricted_quantum_doubles_of_yangians,
    title={The restricted quantum double of the Yangian}, 
    author={Curtis Wendlandt},
    year={2022},
    eprint={2204.00983},
    archivePrefix={arXiv},
    primaryClass={math.QA}
}

@article{levendorskii_finite_type_yangians_presentation,
    issn = {0393-0440},
    journal = {Journal of geometry and physics},
    pages = {1--11},
    volume = {12},
    publisher = {Elsevier B.V},
    number = {1},
    year = {1993},
    title = {On generators and defining relations of Yangians},
    copyright = {1993},
    language = {eng},
    author = {Levendorskiǐ, S.Z.},
    keywords = {defining relations ; generators ; Yangian},
}

@article{wendlandt_formal_shift_operators_on_yangian_doubles,
    doi = {10.1093/imrn/rnab026},
    
    url = {https://doi.org/10.1093%2Fimrn%2Frnab026},
    
    year = 2021,
    month = 4,
    
    publisher = {Oxford University Press ({OUP})},
    
    volume = {2022},
    
    number = {14},
    
    pages = {10952--11010},
    
    author = {Curtis Wendlandt},
    
    title = {The Formal Shift Operator on the Yangian Double},
    
    journal = {International Mathematics Research Notices}
}

@article{yang_zhao_affine_yangian_PBW,
    title={The PBW theorem for the affine Yangians}, 
    author={Yaping Yang and Gufang Zhao},
    year={2018},
    eprint={1804.04375},
    archivePrefix={arXiv},
    primaryClass={math.RT}
}

@article{billig_neeb_vector_field_cyclic_cohomology_parallelisable_manifolds,
    AUTHOR = {Billig, Yuly and Neeb, Karl-Hermann},
     TITLE = {On the cohomology of vector fields on parallelizable
              manifolds},
   JOURNAL = {Ann. Inst. Fourier (Grenoble)},
  FJOURNAL = {Universit\'{e} de Grenoble. Annales de l'Institut Fourier},
    VOLUME = {58},
      YEAR = {2008},
    NUMBER = {6},
     PAGES = {1937--1982},
      ISSN = {0373-0956},
   MRCLASS = {17B66 (17B56)},
  MRNUMBER = {2473625},
MRREVIEWER = {Frank Klinker},
       URL = {http://aif.cedram.org/item?id=AIF_2008__58_6_1937_0},
}

@article{yasumura_universal_enveloping_algebras_of_graded_lie_algebras,
    title={Universal enveloping of a graded Lie algebra}, 
    author={Felipe Yukihide Yasumura},
    year={2023},
    eprint={2301.11907},
    archivePrefix={arXiv},
    primaryClass={math.RA}
}

@article{billig_lie_algebras_of_vector_fields_on_smooth_affine_varieties,
    AUTHOR = {Billig, Yuly and Futorny, Vyacheslav},
     TITLE = {Lie algebras of vector fields on smooth affine varieties},
   JOURNAL = {Comm. Algebra},
  FJOURNAL = {Communications in Algebra},
    VOLUME = {46},
      YEAR = {2018},
    NUMBER = {8},
     PAGES = {3413--3429},
      ISSN = {0092-7872},
   MRCLASS = {17B20 (13N15 17B66)},
  MRNUMBER = {3789004},
MRREVIEWER = {Jonathan D. Axtell},
       DOI = {10.1080/00927872.2017.1412456},
       URL = {https://doi.org/10.1080/00927872.2017.1412456},
}

@article{billig_lie_algebras_of_vector_fields_on_tori_and_chiral_de_rham_complex,
    AUTHOR = {Billig, Yuly and Futorny, Vyacheslav},
     TITLE = {Representations of the Lie algebra of vector fields on a
              torus and the chiral de Rham complex},
   JOURNAL = {Trans. Amer. Math. Soc.},
  FJOURNAL = {Transactions of the American Mathematical Society},
    VOLUME = {366},
      YEAR = {2014},
    NUMBER = {9},
     PAGES = {4697--4731},
      ISSN = {0002-9947},
   MRCLASS = {17B66 (17B10 17B68)},
  MRNUMBER = {3217697},
MRREVIEWER = {Aleksandr Panov},
       DOI = {10.1090/S0002-9947-2014-05959-X},
       URL = {https://doi.org/10.1090/S0002-9947-2014-05959-X},
}

@article{billig_energy_momentum_tensor,
    title={Energy-momentum tensor for the toroidal Lie algebras}, 
    author={Yuly Billig},
    year={2002},
    eprint={math/0201313},
    archivePrefix={arXiv},
    primaryClass={math.RT}
}

@article{quantisation_of_affine_grassmannian_slices,
    title={Yangians and quantizations of slices in the affine Grassmannian},
    volume={8},
    ISSN={1937-0652},
    url={http://dx.doi.org/10.2140/ant.2014.8.857},
    DOI={10.2140/ant.2014.8.857},
    number={4},
    journal={Algebra and Number Theory},
    publisher={Mathematical Sciences Publishers},
    author={Kamnitzer, Joel and Webster, Ben and Weekes, Alex and Yacobi, Oded},
    year={2014},
    month=aug, pages={857–893}
}

@article{braden_licata_proudfoot_quantisations_of_conical_symplectic_resolutions_2,
    title={Quantizations of conical symplectic resolutions II: category $\mathcal O$ and symplectic duality}, 
    author={Tom Braden and Anthony Licata and Nicholas Proudfoot and Ben Webster},
    year={2022},
    eprint={1407.0964},
    archivePrefix={arXiv},
    primaryClass={math.RT}
}

@article{neher_lectures_on_EALAs,
    title={Lectures on extended affine Lie algebras}, 
    author={Erhard Neher},
    year={2010},
    eprint={1003.2352},
    archivePrefix={arXiv},
    primaryClass={math.RA}
}

@article{braverman_finkelberg_double_affine_grassmannian_1,
    title={Pursuing the double affine Grassmannian, I: Transversal slices via instantons on Ak-singularities},
    volume={152},
    ISSN={0012-7094},
    url={http://dx.doi.org/10.1215/00127094-2010-011},
    DOI={10.1215/00127094-2010-011},
    number={2},
    journal={Duke Mathematical Journal},
    publisher={Duke University Press},
    author={Braverman, Alexander and Finkelberg, Michael},
    year={2010},
    month=apr
}

@article{gaitsgory_lysenko_metaplectic_whittaker_category_and_small_FLE,
    title={Metaplectic Whittaker category and quantum groups : the "small" FLE}, 
    author={D. Gaitsgory and S. Lysenko},
    year={2019},
    eprint={1903.02279},
    archivePrefix={arXiv},
    primaryClass={math.AG}
}

@article{kassel_universal_central_extensions_of_lie_algebras,
    AUTHOR = {Kassel, Christian},
     TITLE = {K\"{a}hler differentials and coverings of complex simple {L}ie
              algebras extended over a commutative algebra},
 BOOKTITLE = {Proceedings of the {L}uminy conference on algebraic
              {$K$}-theory ({L}uminy, 1983)},
   JOURNAL = {J. Pure Appl. Algebra},
  FJOURNAL = {Journal of Pure and Applied Algebra},
    VOLUME = {34},
      YEAR = {1984},
    NUMBER = {2-3},
     PAGES = {265--275},
      ISSN = {0022-4049},
   MRCLASS = {17B55 (17B20 17B56)},
  MRNUMBER = {772062},
MRREVIEWER = {W. T. van Est},
       DOI = {10.1016/0022-4049(84)90040-9},
       URL = {https://doi.org/10.1016/0022-4049(84)90040-9},
}

@article{garland_arithmetics_of_loop_groups,
    AUTHOR = {Garland, Howard},
     TITLE = {The arithmetic theory of loop groups},
   JOURNAL = {Inst. Hautes \'{E}tudes Sci. Publ. Math.},
  FJOURNAL = {Institut des Hautes \'{E}tudes Scientifiques. Publications
              Math\'{e}matiques},
    NUMBER = {52},
      YEAR = {1980},
     PAGES = {5--136},
      ISSN = {0073-8301},
   MRCLASS = {20G25 (14L17 17B10 17B65 20G05 22E40)},
  MRNUMBER = {601519},
MRREVIEWER = {S. I. Gel\cprime fand},
       URL = {http://www.numdam.org/item?id=PMIHES_1980__52__5_0},
}

@article{billig_representations_of_toroidal_extended_affine_lie_algebras,
    AUTHOR = {Billig, Yuly},
     TITLE = {Representations of toroidal extended affine {L}ie algebras},
   JOURNAL = {J. Algebra},
  FJOURNAL = {Journal of Algebra},
    VOLUME = {308},
      YEAR = {2007},
    NUMBER = {1},
     PAGES = {252--269},
      ISSN = {0021-8693},
   MRCLASS = {17B67 (17B69)},
  MRNUMBER = {2290921},
MRREVIEWER = {Pierluigi M\"{o}seneder Frajria},
       DOI = {10.1016/j.jalgebra.2006.09.010},
       URL = {https://doi.org/10.1016/j.jalgebra.2006.09.010},
}

@article{moody_rao_yokonuma_vertex_representations_of_toroidal_lie_algebras,
    AUTHOR = {Moody, Robert Vaughan and Rao, Senapathi Eswara and Yokonuma,
              Takeo},
     TITLE = {Toroidal {L}ie algebras and vertex representations},
   JOURNAL = {Geom. Dedicata},
  FJOURNAL = {Geometriae Dedicata},
    VOLUME = {35},
      YEAR = {1990},
    NUMBER = {1-3},
     PAGES = {283--307},
      ISSN = {0046-5755},
   MRCLASS = {17B65 (17B67)},
  MRNUMBER = {1066569},
MRREVIEWER = {Yu Cai Su},
       DOI = {10.1007/BF00147350},
       URL = {https://doi.org/10.1007/BF00147350},
}

@article{kac_peterson_infinite_flag_varieties_and_conjugacy_of_cartan_subalgebras,
    issn = {0027-8424},
    AUTHOR = {Peterson, Dale H. and Kac, Victor G.},
     TITLE = {Infinite flag varieties and conjugacy theorems},
   JOURNAL = {Proc. Nat. Acad. Sci. U.S.A.},
  FJOURNAL = {Proceedings of the National Academy of Sciences of the United
              States of America},
    VOLUME = {80},
      YEAR = {1983},
    NUMBER = {6, i},
     PAGES = {1778--1782},
      ISSN = {0027-8424},
   MRCLASS = {17B65 (14M17)},
  MRNUMBER = {699439},
MRREVIEWER = {Alex Jay Feingold},
       DOI = {10.1073/pnas.80.6.1778},
       URL = {https://doi.org/10.1073/pnas.80.6.1778},
}

@article{levendorskii_finite_type_yangians_PBW,
    issn = {0377-9017},
    journal = {Letters in mathematical physics},
    pages = {37--42},
    volume = {27},
    publisher = {Springer Science and Business Media LLC},
    number = {1},
    year = {1993},
    title = {On PBW bases for Yangians},
    language = {eng},
    author = {Levendorskii, Serge Z.},
    keywords = {Algebra ; Algebra over a field ; Complex system ; Mathematics ; Pure mathematics},
}

@book{kac_raina_rozhkovskaya_bombay_lectures_on_highest_weight_modules_of_infinite_dimensional_lie_algebras,
    AUTHOR = {Kac, Victor G. and Raina, Ashok K. and Rozhkovskaya, Natasha},
     TITLE = {Bombay lectures on highest weight representations of infinite
              dimensional {L}ie algebras},
    SERIES = {Advanced Series in Mathematical Physics},
    VOLUME = {29},
   EDITION = {Second},
 PUBLISHER = {World Scientific Publishing Co. Pte. Ltd., Hackensack, NJ},
      YEAR = {2013},
     PAGES = {xii+237},
      ISBN = {978-981-4522-19-9},
   MRCLASS = {17-02 (17B10 17B65 17B67 17B69)},
  MRNUMBER = {3185361},
MRREVIEWER = {S. Eswara Rao},
       DOI = {10.1142/8882},
       URL = {https://doi.org/10.1142/8882},
}

@article{wang_algebraicity_of_Bun_G,
    title={The moduli stack of $G$-bundles}, 
    author={Jonathan Wang},
    year={2011},
    eprint={1104.4828},
    archivePrefix={arXiv},
    primaryClass={math.AG}
}

@article{pianzola_vanishing_of_H1_of_dedekind_rings,
    AUTHOR = {Pianzola, Arturo},
     TITLE = {Vanishing of {$H^1$} for {D}edekind rings and applications to
              loop algebras},
   JOURNAL = {C. R. Math. Acad. Sci. Paris},
  FJOURNAL = {Comptes Rendus Math\'{e}matique. Acad\'{e}mie des Sciences. Paris},
    VOLUME = {340},
      YEAR = {2005},
    NUMBER = {9},
     PAGES = {633--638},
      ISSN = {1631-073X},
   MRCLASS = {14L15 (11E72 17B67)},
  MRNUMBER = {2139269},
MRREVIEWER = {Jacob Greenstein},
       DOI = {10.1016/j.crma.2005.03.022},
       URL = {https://doi.org/10.1016/j.crma.2005.03.022},
}

@article{billig_futorny_molev_verma_modules_for_yangians,
   AUTHOR = {Billig, Yuly and Futorny, Vyacheslav and Molev, Alexander},
     TITLE = {Verma modules for {Y}angians},
   JOURNAL = {Lett. Math. Phys.},
  FJOURNAL = {Letters in Mathematical Physics},
    VOLUME = {78},
      YEAR = {2006},
    NUMBER = {1},
     PAGES = {1--16},
      ISSN = {0377-9017},
   MRCLASS = {17B65 (17B81 81R10)},
  MRNUMBER = {2271124},
MRREVIEWER = {Chengming Bai},
       DOI = {10.1007/s11005-006-0107-1},
       URL = {https://doi.org/10.1007/s11005-006-0107-1},
}

@article{billig_a_module_category_over_toroidal_EALAs,
    AUTHOR = {Billig, Yuly},
     TITLE = {A category of modules for the full toroidal {L}ie algebra},
   JOURNAL = {Int. Math. Res. Not.},
  FJOURNAL = {International Mathematics Research Notices},
      YEAR = {2006},
     PAGES = {Art. ID 68395, 46},
      ISSN = {1073-7928},
   MRCLASS = {17B69 (17B67)},
  MRNUMBER = {2272091},
MRREVIEWER = {Pierluigi M\"{o}seneder Frajria},
       DOI = {10.1155/IMRN/2006/68395},
       URL = {https://doi.org/10.1155/IMRN/2006/68395},
}

@article{billig_lau_simple_modules_over_EALAs,
    AUTHOR = {Billig, Yuly and Lau, Michael},
     TITLE = {Irreducible modules for extended affine {L}ie algebras},
   JOURNAL = {J. Algebra},
  FJOURNAL = {Journal of Algebra},
    VOLUME = {327},
      YEAR = {2011},
     PAGES = {208--235},
      ISSN = {0021-8693},
   MRCLASS = {17B67 (17B69)},
  MRNUMBER = {2746036},
MRREVIEWER = {William J. Cook},
       DOI = {10.1016/j.jalgebra.2010.09.031},
       URL = {https://doi.org/10.1016/j.jalgebra.2010.09.031},
}

@article{billig_talboom_category_J_for_div_zero_vector_fields_on_tori,
    AUTHOR = {Billig, Yuly and Talboom, John},
     TITLE = {Classification of category {$\mathcal{J}$} modules for divergence
              zero vector fields on a torus},
   JOURNAL = {J. Algebra},
  FJOURNAL = {Journal of Algebra},
    VOLUME = {500},
      YEAR = {2018},
     PAGES = {498--516},
      ISSN = {0021-8693},
   MRCLASS = {17B10 (17B66)},
  MRNUMBER = {3765466},
MRREVIEWER = {Andreas Arvanitoyeorgos},
       DOI = {10.1016/j.jalgebra.2017.05.022},
       URL = {https://doi.org/10.1016/j.jalgebra.2017.05.022},
}

@article{drinfeld_original_yangian_paper,
  title={Hopf algebras and the quantum Yang-Baxter equation},
  author={Vladimir Drinfeld},
  journal={Proceedings of the USSR Academy of Sciences},
  year={1985},
  volume={32},
  pages={254-258},
  url={https://api.semanticscholar.org/CorpusID:83370599}
}

@article{appel_gautam_wendlandt_R_matrices_of_affine_yangians,
    title={The R-matrix of the affine Yangian}, 
    author={Andrea Appel and Sachin Gautam and Curtis Wendlandt},
    year={2023},
    eprint={2309.02377},
    archivePrefix={arXiv},
    primaryClass={math.RT}
}

@article{moody_rao_n_toroidal_vertex_representations,
    AUTHOR = {Eswara Rao, Senapathi and Moody, Robert Vaughan},
     TITLE = {Vertex representations for {$n$}-toroidal {L}ie algebras and a
              generalization of the {V}irasoro algebra},
   JOURNAL = {Comm. Math. Phys.},
  FJOURNAL = {Communications in Mathematical Physics},
    VOLUME = {159},
      YEAR = {1994},
    NUMBER = {2},
     PAGES = {239--264},
      ISSN = {0010-3616},
   MRCLASS = {17B68 (22E65 81R10)},
  MRNUMBER = {1256988},
       URL = {http://projecteuclid.org/euclid.cmp/1104254598},
}

@phdthesis{weekes_phd_thesis_highest_weight_truncated_shifted_yangians,
    publisher = {ProQuest Dissertations Publishing},
    isbn = {1369854129},
    year = {2016},
    title = {Highest Weights for Truncated Shifted Yangians},
    copyright = {Database copyright ProQuest LLC; ProQuest does not claim copyright in the individual underlying works.},
    language = {eng},
    author = {Weekes, Alex},
    keywords = {Mathematics},
    school = {University of Toronto}
}

@masterthesis{msc_thesis_gamma_extended_toroidal_lie_algebras,
    author = {Ha, Minh Dat},
    title = {On a class of extended toroidal Lie algebras coming from untwisted affine Yangians},
    school = {University of Saskatchewan},
    year = {2024}
}

@article{allison_berman_faulkner_pianzola_multiloop_realisation_of_EALAs,
    AUTHOR = {Allison, Bruce and Berman, Stephen and Faulkner, John and
              Pianzola, Arturo},
     TITLE = {Multiloop realization of extended affine {L}ie algebras and
              {L}ie tori},
   JOURNAL = {Trans. Amer. Math. Soc.},
  FJOURNAL = {Transactions of the American Mathematical Society},
    VOLUME = {361},
      YEAR = {2009},
    NUMBER = {9},
     PAGES = {4807--4842},
      ISSN = {0002-9947},
   MRCLASS = {17B67},
  MRNUMBER = {2506428},
       DOI = {10.1090/S0002-9947-09-04828-4},
       URL = {https://doi.org/10.1090/S0002-9947-09-04828-4},
}

@incollection{berman_billig_szmigielski_VOAs_and_toroidal_lie_algebras,
    AUTHOR = {Berman, Stephen and Billig, Yuly and Szmigielski, Jacek},
    TITLE = {Vertex operator algebras and the representation theory of
          toroidal algebras},
    BOOKTITLE = {Recent developments in infinite-dimensional {L}ie algebras and
          conformal field theory ({C}harlottesville, {VA}, 2000)},
    SERIES = {Contemp. Math.},
    VOLUME = {297},
    PAGES = {1--26},
    PUBLISHER = {Amer. Math. Soc., Providence, RI},
    YEAR = {2002},
    MRCLASS = {17B69 (17B65)},
    MRNUMBER = {1919810},
    MRREVIEWER = {Dra\v{z}en Adamovi\'{c}},
    DOI = {10.1090/conm/297/05090},
    URL = {https://doi.org/10.1090/conm/297/05090},
}

@incollection{neher_EALA_survey,
    AUTHOR = {Neher, Erhard},
     TITLE = {Extended affine {L}ie algebras and other generalizations of
              affine {L}ie algebras---a survey},
 BOOKTITLE = {Developments and trends in infinite-dimensional {L}ie theory},
    SERIES = {Progr. Math.},
    VOLUME = {288},
     PAGES = {53--126},
 PUBLISHER = {Birkh\"{a}user Boston, Boston, MA},
      YEAR = {2011},
   MRCLASS = {17B67},
  MRNUMBER = {2743761},
MRREVIEWER = {Malihe Yousofzadeh},
       DOI = {10.1007/978-0-8176-4741-4\_3},
       URL = {https://doi.org/10.1007/978-0-8176-4741-4_3},
}

@incollection{neher_structure_theory_of_EALAs,
    AUTHOR = {Neher, Erhard},
     TITLE = {Extended affine {L}ie algebras---an introduction to their
              structure theory},
 BOOKTITLE = {Geometric representation theory and extended affine {L}ie
              algebras},
    SERIES = {Fields Inst. Commun.},
    VOLUME = {59},
     PAGES = {107--167},
 PUBLISHER = {Amer. Math. Soc., Providence, RI},
      YEAR = {2011},
   MRCLASS = {17B67 (17B22)},
  MRNUMBER = {2777649},
MRREVIEWER = {Pierluigi M\"{o}seneder Frajria},
}

@article{appel_and_toledano_laredo_coxeter_categories,
    AUTHOR = {Appel, Andrea and Toledano Laredo, Valerio},
     TITLE = {Coxeter categories and quantum groups},
   JOURNAL = {Selecta Math. (N.S.)},
  FJOURNAL = {Selecta Mathematica. New Series},
    VOLUME = {25},
      YEAR = {2019},
    NUMBER = {3},
     PAGES = {Paper No. 44, 97},
      ISSN = {1022-1824},
   MRCLASS = {17B37 (17B62 81R50)},
  MRNUMBER = {3984102},
MRREVIEWER = {Rencai L\"{u}},
       DOI = {10.1007/s00029-019-0490-y},
       URL = {https://doi.org/10.1007/s00029-019-0490-y},
}

@book{etingof_schiffmann_lectures_on_quantum_groups,
    AUTHOR = {Etingof, Pavel and Schiffmann, Olivier},
     TITLE = {Lectures on quantum groups},
    SERIES = {Lectures in Mathematical Physics},
   EDITION = {Second},
 PUBLISHER = {International Press, Somerville, MA},
      YEAR = {2002},
     PAGES = {xii+242},
      ISBN = {1-57146-094-2},
   MRCLASS = {17B37 (16W35 17-02 17B62 32G34 81R50)},
  MRNUMBER = {2284964},
}

@book{frenkel_ben_zvi_vertex_algebras_and_algebraic_curves,
    AUTHOR = {Frenkel, Edward and Ben-Zvi, David},
     TITLE = {Vertex algebras and algebraic curves},
    SERIES = {Mathematical Surveys and Monographs},
    VOLUME = {88},
   EDITION = {Second Edition},
 PUBLISHER = {American Mathematical Society, Providence, RI},
      YEAR = {2004},
     PAGES = {xiv+400},
      ISBN = {0-8218-3674-9},
   MRCLASS = {17B69 (14D21 14H81)},
  MRNUMBER = {2082709},
       DOI = {10.1090/surv/088},
       URL = {https://doi.org/10.1090/surv/088},
}

@book{lee_smooth_manifolds,
    AUTHOR = {Lee, John M.},
    TITLE = {Introduction to smooth manifolds},
    SERIES = {Graduate Texts in Mathematics},
    VOLUME = {218},
    EDITION = {Second},
    PUBLISHER = {Springer, New York},
    YEAR = {2013},
    PAGES = {xvi+708},
    ISBN = {978-1-4419-9981-8},
    MRCLASS = {58-01 (53-01 57-01)},
    MRNUMBER = {2954043},
}

@book{lang_algebra,
    AUTHOR = {Lang, Serge},
    TITLE = {Algebra},
    SERIES = {Graduate Texts in Mathematics},
    VOLUME = {211},
    EDITION = {third},
    PUBLISHER = {Springer-Verlag, New York},
    YEAR = {2002},
    PAGES = {xvi+914},
    ISBN = {0-387-95385-X},
    MRCLASS = {00A05 (15-02)},
    MRNUMBER = {1878556},
    DOI = {10.1007/978-1-4613-0041-0},
    URL = {https://doi.org/10.1007/978-1-4613-0041-0},
}

@online{litvak_functional_analysis_notes,
    author = "Alexander Litvak",
    title = "Linear Analysis - MATH 516/418",
    url  = "https://eclass.srv.ualberta.ca/pluginfile.php/11327724/mod_resource/content/4/516-lect-notes-24.pdf",
    year = {2024},
    keywords = ""
}

@book{rudin_analysis,
    AUTHOR = {Rudin, Walter},
    TITLE = {Principles of mathematical analysis},
    SERIES = {International Series in Pure and Applied Mathematics},
    EDITION = {Third},
    PUBLISHER = {McGraw-Hill Book Co., New York-Auckland-D\"{u}sseldorf},
    YEAR = {1976},
    PAGES = {x+342},
    MRCLASS = {26-02},
    MRNUMBER = {385023},
}